@article{Servo_Motor,
  title={{EV3 Large Servo Motor, shop descitption}},
  author={{LEGO education}},
  journal={LEGO shop},
  year={2018},
  url = {https://education.lego.com/en-us/products/ev3-large-servo-motor/45502}
}

@article{power_fun,
	title={{Products and Sets - LEGO® Power Functions}},
	author={{LEGO corporation}},
	journal={LEGO.com},
	year={2018},
	url = {https://www.lego.com/en-us/themes/power-functions}
}

@article{motor_comparison,
	title={{LEGO® 9V Technic Motors compared characteristics}},
	author={{Philippe Hurbain}},
	journal={philohome},
	year={2018},
	adsurl = {http://www.philohome.com/motors/motorcomp.htm}
}


@article{ev3_python,
	title={{EV3 python bindings}},
	journal={Github Repository},
	year={2018},
	adsurl = {https://github.com/ev3dev/ev3dev-lang-python}
}

@ARTICLE{2016arXiv160605908D,
   author = {{Doersch}, C.},
    title = "{Tutorial on Variational Autoencoders}",
  journal = {ArXiv e-prints},
archivePrefix = "arXiv",
   eprint = {1606.05908},
 primaryClass = "stat.ML",
     year = 2016,
   adsurl = {http://adsabs.harvard.edu/abs/2016arXiv160605908D},
}
